<record xmlns="http://www.loc.gov/MARC21/slim" xmlns:xsi="http://www.w3.org/2001/XMLSchema-instance" xsi:schemaLocation="http://www.loc.gov/MARC21/slim http://www.loc.gov/standards/marcxml/schema/MARC21slim.xsd"><leader>00929cz   2200157n  4500</leader><controlfield tag="001">oca03894518 </controlfield><controlfield tag="005">20001104070451.0</controlfield><controlfield tag="008">950807n| acannaabn          |a aaa     c</controlfield><datafield ind1=" " ind2=" " tag="010"><subfield code="a">nr 95028963 </subfield></datafield><datafield ind1=" " ind2=" " tag="040"><subfield code="a">NNC</subfield><subfield code="b">eng</subfield><subfield code="c">NNC</subfield><subfield code="d">OCoLC</subfield></datafield><datafield ind1="1" ind2=" " tag="100"><subfield code="a">Clodius Licinus, C.</subfield><subfield code="d">1st cent. B.C./1st cent. A.D.</subfield></datafield><datafield ind1="1" ind2=" " tag="400"><subfield code="a">Licinus, C. Clodius,</subfield><subfield code="d">1st cent. B.C./1st cent. A.D.</subfield></datafield><datafield ind1="0" ind2=" " tag="400"><subfield code="a">C. Clodius Licinus,</subfield><subfield code="d">1st cent. B.C./1st cent. A.D.</subfield></datafield><datafield ind1=" " ind2=" " tag="670"><subfield code="a">Libri rerum romanorum [CF] 1991:</subfield><subfield code="b">PHI CD ROM #5.3, Latin Canon, bibliographic screen (C. Clodius Licinus)</subfield></datafield><datafield ind1=" " ind2=" " tag="670"><subfield code="a">Pauly-Wissowa:</subfield><subfield code="b">7. Halbbd., col 77-79; "Clodius", #35 ((C.) Clodius Licinus; Roman historian, of whom little is known; cited by Suetonius as being a friend of Ovid and Hyginus, which would place Clodius in the time of August and Tiberius, and would make identifiable with the C. Clodius Licinus who was consul in 4 A.D.; cited also by Livy)</subfield></datafield><datafield ind1=" " ind2=" " tag="675"><subfield code="a">NUC pre-56;</subfield><subfield code="a">Oxford class. dict.</subfield></datafield></record>